<record><leader>00000cas a2200000 a 4500</leader><controlfield tag="001">20400719</controlfield><controlfield tag="008">890927d19101995cauwr ne      0   a0eng c</controlfield><datafield ind1=" " ind2=" " tag="010"><subfield code="a">sn 98061840 </subfield></datafield><datafield ind1=" " ind2=" " tag="040"><subfield code="a">MCF</subfield><subfield code="b">eng</subfield><subfield code="c">MCF</subfield><subfield code="d">CNK</subfield><subfield code="d">OCLCQ</subfield><subfield code="d">CNK</subfield><subfield code="d">OCLCQ</subfield><subfield code="d">OCLCF</subfield><subfield code="d">OCLCO</subfield></datafield><datafield ind1="1" ind2=" " tag="029"><subfield code="a">AU@</subfield><subfield code="b">000013957367</subfield></datafield><datafield ind1=" " ind2=" " tag="042"><subfield code="a">pcc</subfield></datafield><datafield ind1=" " ind2=" " tag="043"><subfield code="a">n-us-ca</subfield></datafield><datafield ind1="0" ind2="4" tag="245"><subfield code="a">The Gustine standard.</subfield></datafield><datafield ind1=" " ind2=" " tag="260"><subfield code="a">Gustine, Merced County, Calif. :</subfield><subfield code="b">William C. Parry</subfield></datafield><datafield ind1=" " ind2=" " tag="300"><subfield code="a">v.</subfield></datafield><datafield ind1=" " ind2=" " tag="310"><subfield code="a">Weekly</subfield></datafield><datafield ind1="1" ind2=" " tag="362"><subfield code="a">Began in 1910; ceased in 1995.</subfield></datafield><datafield ind1=" " ind2=" " tag="530"><subfield code="a">Master negatives are available for duplication from:</subfield><subfield code="b">California Newspaper Microfilm Archive;</subfield><subfield code="c">positive copies may be purchased by the reel; for further information consult the CNMA at:</subfield><subfield code="u">http://cbsr.ucr.edu</subfield></datafield><datafield ind1=" " ind2=" " tag="588"><subfield code="a">Description based on: Vol. 1, no. 2 (Nov. 11, 1910).</subfield></datafield><datafield ind1=" " ind2="0" tag="651"><subfield code="a">Gustine (Calif.)</subfield><subfield code="v">Newspapers.</subfield></datafield><datafield ind1=" " ind2="7" tag="655"><subfield code="a">Newspapers.</subfield><subfield code="2">fast</subfield><subfield code="0">(OCoLC)fst01423814</subfield></datafield><datafield ind1=" " ind2="7" tag="651"><subfield code="a">California</subfield><subfield code="z">Gustine.</subfield><subfield code="2">fast</subfield><subfield code="0">(OCoLC)fst01216799</subfield></datafield><datafield ind1=" " ind2=" " tag="752"><subfield code="a">United States</subfield><subfield code="b">California</subfield><subfield code="c">Merced</subfield><subfield code="d">Gustine.</subfield></datafield><datafield ind1="0" ind2="7" tag="785"><subfield code="t">Gustine press</subfield><subfield code="w">(DLC)sn 98061841</subfield></datafield><datafield ind1="0" ind2="7" tag="785"><subfield code="t">Gustine press-standard</subfield><subfield code="w">(DLC)sn 98061842</subfield></datafield></record>